3888 5920
591 711 1250 891 PRAEFATIO.

867 1095 973 1114 *¹-

304 1391 489 1472 AEscaxn
512 1385 719 1494 tragoedias
733 1415 858 1494 quum
882 1387 1002 1467 latine
1025 1407 1219 1470 verterem
1238 1393 1280 1471 in
1300 1421 1413 1472 usum
1444 1423 1582 1475 eorum

253 1521 402 1630 quibus
424 1519 543 1599 lectio
563 1519 707 1600 suflicit
731 1519 905 1598 cursoria
933 1548 1064 1632 neque
1085 1540 1240 1630 tempus
1270 1542 1327 1603 est
1354 1553 1486 1632 neque
1513 1557 1582 1608 vo-

253 1655 383 1736 luntas
401 1651 621 1731 accuratius
637 1667 683 1728 ut
707 1649 912 1757 inquirant
929 1669 1103 1758 poetam,
1148 1682 1230 1734 non
1266 1655 1371 1734 inter
1406 1658 1583 1739 minimas

252 1783 526 1881 difficultates,
552 1781 699 1889 quibus
725 1808 847 1889 opera
869 1810 955 1861 mea
973 1783 1225 1864 obsideretur
1249 1786 1454 1892 plurimis,
1483 1791 1582 1869 refe-

253 1914 423 1995 rendum
452 1912 615 2020 putavi,
646 1911 758 2022 quod
783 1913 905 1992 verba
933 1914 1017 2022 ipsa
1049 1915 1201 2025 ubique
1228 1917 1281 1996 ita
1309 1919 1581 2000 constituenda
1630 1929 1635 1936 '

251 2063 365 2126 erant
388 2045 507 2124 etiam
531 2044 574 2122 in
596 2044 643 2123 iis
675 2043 795 2144 locis,
822 2045 893 2154 qui
917 2061 1009 2126 sunt
1034 2047 1342 2154 corruptissimi,
1365 2067 1411 2128 ut
1427 2051 1580 2158 aliquid

249 2177 387 2256 saltem
422 2174 713 2281 significarent,
743 2172 855 2283 quod
892 2202 1025 2285 neque
1066 2176 1301 2257 abhorreret
1331 2207 1353 2257 a
1388 2181 1580 2259 sententia

250 2307 484 2414 legibusque
513 2306 657 2410 linguae
679 2333 812 2410 graecae
832 2308 1061 2388 conveniret
1087 2336 1218 2416 neque
1248 2310 1457 2416 indignum
1483 2324 1581 2390 esset

249 2439 440 2544 gravitate
462 2437 681 2542 AEschylea.
701 2437 842 2544 Neque
858 2465 921 2516 me
934 2437 1074 2518 lelellit
1091 2442 1339 2547 provinciam
1362 2470 1385 2520 a
1405 2469 1467 2520 me
1492 2469 1575 2520 sus·

249 2587 404 2677 ceptam
440 2569 567 2647 multo
598 2565 799 2648 difficilius
823 2570 906 2675 geri
947 2599 1068 2678 quam
1099 2571 1130 2650 si
1163 2572 1395 2678 AEscbylum
1437 2572 1571 2652 denuo

247 2701 408 2780 ederem
428 2699 492 2778 vel
510 2701 800 2781 commentariis
812 2701 1048 2780 instruerem
1068 2703 1130 2782 vel
1157 2731 1204 2782 ex
1223 2703 1428 2783 codicibus
1446 2733 1578 2782 emen-

246 2832 395 2913 darem.
413 2833 516 2912 Nam
535 2832 567 2910 si
586 2831 669 2912 edis
686 2833 920 2940 scriptorem
946 2852 1141 2934 veterem,
1170 2834 1239 2913 ubi
1263 2835 1363 2914 nibil
1389 2837 1482 2914 novi
1508 2835 1577 2915 ha-

246 2963 339 3044 beas
360 2981 431 3044 aut
449 2991 588 3043 verum
614 2963 712 3072 quid
739 2965 789 3043 sit
807 2965 1005 3042 allirmarc
1024 2992 1106 3044 non
1133 2967 1274 3071 possis,
1306 2983 1434 3044 tacere
1455 2965 1572 3062 licet,

245 3097 321 3175 alia
352 3113 545 3203 corrupta
572 3095 698 3194 dicas,
729 3097 854 3175 multa
878 3095 1068 3195 obscura,
1102 3096 1296 3175 nonnulla
1326 3098 1443 3175 etiam
1473 3097 1575 3203 ejus·

247 3227 378 3327 modi,
405 3242 453 3307 ut
470 3228 553 3306 sine
574 3227 685 3305 novis
710 3225 893 3307 subsidiis
912 3225 1100 3332 explicari
1123 3244 1336 3333 nequeant.
1367 3227 1466 3325 Quae
1494 3255 1576 3306 nou

244 3357 385 3438 eodem
405 3357 527 3437 modo
548 3356 663 3436 saciat
684 3359 901 3464 interpres,
937 3359 1000 3436 cui
1019 3357 1171 3464 ubique
1191 3358 1268 3435 hoc
1290 3385 1434 3436 munus
1447 3357 1575 3464 impo-

242 3491 361 3568 situm
385 3506 464 3588 est,
493 3505 539 3567 ut
556 3489 751 3594 exprimat
781 3488 916 3568 saltem
945 3487 1118 3595 aliquam
1146 3489 1378 3567 sententiam
1404 3487 1564 3596 adapta·

243 3637 323 3698 tam
355 3621 401 3698 iis
431 3647 522 3727 quae
550 3617 784 3698 antecedant
817 3637 856 3697 et
883 3636 1101 3726 sequantur
1127 3645 1258 3726 neque
1284 3617 1567 3697 abhorrentem

242 3749 295 3830 ab
319 3752 501 3831 instituto
527 3768 665 3858 poetae.
687 3751 779 3850 Qua
807 3751 849 3828 in
880 3777 923 3828 re
948 3766 993 3827 ut
1023 3748 1285 3829 satisfacerem
1304 3777 1425 3857 quam
1445 3751 1572 3856 pluri-

244 3883 316 3961 mis
337 3881 461 3992 idque
483 3910 574 3961 cum
599 3883 763 3960 minimo
793 3908 881 3959 meo
914 3881 1092 3987 periculo
1125 3880 1293 3960 lacerem
1321 3897 1441 3987 atque
1472 3887 1576 3988 pau·'

241 4011 391 4090 cissima
407 4040 429 4090 a
448 4039 511 4090 me
532 4013 617 4119 ipso
637 4011 934 4118 postularentur
959 4040 967 4090 :
990 4011 1158 4091 artificio
1186 4039 1341 4109 usurus,
1370 4009 1570 4090 Dindorfii

240 4139 456 4222 editionem
472 4142 623 4250 ubique
636 4141 878 4250 sequendam
895 4142 1008 4221 initio
1028 4141 1278 4222 decreveram
1297 4170 1386 4250 quae
1413 4159 1452 4221 et
1468 4142 1571 4222 bene

240 4273 448 4352 emendata
468 4273 649 4379 plurimis
667 4273 761 4352 locis
781 4272 985 4352 videretur
1010 4291 1049 4353 et
1070 4303 1190 4382 quam
1217 4275 1399 4380 proxime
1424 4273 1474 4352 ad
1500 4303 1566 4353 co-

239 4403 373 4500 dicum
413 4406 649 4512 scripturam
686 4404 891 4485 accederet
924 4423 964 4485 et
1008 4434 1134 4513 pauca
1178 4406 1445 4513 relinqueret,
1479 4435 1568 4513 quae

238 4536 404 4641 intelligi
441 4563 524 4615 non
555 4553 723 4643 possent.
759 4537 910 4615 Verum
951 4563 1043 4615 mox
1079 4537 1254 4616 intellexi
1292 4563 1402 4643 spem
1442 4564 1567 4615 meam

238 4665 444 4774 deceptam
469 4695 561 4746 esse.
586 4668 726 4775 Neque
753 4669 858 4748 enim
881 4667 1023 4747 desunt
1052 4669 1092 4746 in
1113 4669 1180 4746 illa
1200 4665 1374 4747 editione
1401 4667 1503 4764 loci,
1526 4669 1567 4744 in

239 4798 388 4906 quibus
403 4801 615 4879 auctoritas
635 4798 817 4877 codicum
838 4799 944 4878 bona
963 4817 1003 4879 et
1022 4798 1129 4878 haud
1147 4797 1435 4879 contemnenda
1458 4825 1567 4906 spre-

239 4947 277 5008 ta
295 4930 344 5008 sit
360 4989 369 5029 ,
385 4928 561 5008 editione
586 4930 818 5036 Glasguensi
850 4931 965 5009 nimis
1000 4929 1169 5010 fideliter
1201 4957 1403 5038 expressa3
1435 4957 1568 5036 neque

239 5062 370 5138 omnia
393 5061 446 5139 ita
466 5061 663 5140 cohaerere
689 5061 857 5161 dixeris,
885 5079 931 5142 ut
950 5063 1152 5141 sententiae
1172 5062 1273 5140 bene
1298 5079 1567 5167 congruerent

237 5190 553 5298 copularentque
574 5219 681 5271 sensa
712 5211 846 5300 poetae.
875 5194 925 5271 Et
948 5193 1152 5300 quomodo
1183 5193 1379 5273 deteriora
1406 5196 1565 5270 asciscas

331 5327 464 5374 Battus.
1421 5337 1438 5372 a
