3888 5920
351 405 375 448 ιι
708 407 710 414 ⁴
914 379 1131 442 PRAEFATlO.

350 515 422 596 ubi
440 519 532 598 satis
557 517 653 596 scias
667 514 830 594 meliora
857 531 897 594 et
922 515 964 593 in
988 532 1178 624 promptu
1195 543 1276 596 esse
1300 534 1340 597 et
1358 517 1409 597 ab
1427 519 1512 600 aliis
1530 521 1678 604 ascita?

350 651 509 759 Rejecta
527 678 622 730 vero
641 648 843 729 Dindorfii
865 647 1039 728 editione
1059 648 1170 728 nulla
1195 648 1271 736 alia
1302 649 1396 750 fuit,
1418 680 1538 760 quam
1564 682 1680 762 pror-

348 810 413 862 sus
430 810 629 892 sequerer.
657 783 798 890 ltaque
816 781 916 859 nihil
936 796 1021 859 erat
1036 780 1234 890 reliquum
1253 781 1328 860 nisi
1343 799 1389 861 nt
1403 781 1558 864 codices
1575 785 1681 892 ipsos

349 915 595 994 consulerem
622 916 827 1023 ipsamque
852 912 1051 993 Dindorlri
1078 912 1293 993 editionem
1322 914 1375 993 ita
1400 941 1607 1023 sequerer,
1636 935 1682 998 ut

350 1045 483 1144 locos,
516 1045 736 1155 inquibus
770 1045 1030 1124 necessarium
1064 1043 1310 1143 videbatur,
1345 1048 1584 1153 corrigerem
1616 1050 1679 1128 vel

350 1177 534 1257 codicum
546 1178 723 1258 subsidio
744 1179 805 1257 vel
825 1205 871 1257 ex
893 1178 1131 1285 conjectura.
1154 1179 1301 1257 Verum
1319 1195 1442 1260 totam
1458 1207 1542 1259 rem
1562 1180 1681 1261 ador-

350 1311 439 1388 navi
465 1311 539 1390 ha'o
569 1311 672 1418 lege,
696 1328 742 1390 ut
770 1339 854 1390 nun
879 1309 1032 1418 ubique
1051 1339 1136 1390 mea
1159 1339 1247 1420 quae
1270 1313 1494 1419 scripserim
1514 1339 1680 1421 prorsus

348 1467 441 1520 vera
465 1469 544 1522 esse
569 1443 838 1550 pronunciare
863 1441 992 1520 velim.
1013 1443 1150 1549 longe
1180 1444 1412 1551 corruptior
1429 1460 1487 1522 est
1518 1442 1683 1550 AEscby·

349 1572 409 1650 lus
432 1590 472 1652 et
497 1571 717 1653 abstrusior
737 1601 857 1682 quam
883 1590 928 1652 ut
953 1591 1042 1653 tuto
1063 1569 1276 1653 'constituas
1293 1573 1392 1684 quid
1409 1574 1460 1654 ab
1487 1575 1557 1655 illo
1585 1577 1682 1654 scri-

348 1721 462 1809 ptum
485 1705 545 1782 sit.
573 1703 774 1783 Permulta
802 1731 896 1783 sane
917 1704 1142 1783 necessitate
1160 1722 1319 1784 coactus
1333 1706 1449 1785 ascivi
1465 1723 1510 1785 ut
1526 1706 1558 1785 si
1576 1706 1678 1785 nibil

347 1833 455 1914 aliud
478 1837 712 1915 sententiam
731 1853 863 1915 tamen
881 1835 1092 1914 ellicerem.
1115 1835 1156 1916 Si
1175 1854 1306 1915 autem
1327 1837 1529 1944 putaveris
1547 1835 1683 1916 editio-

349 1993 439 2044 nem
454 1994 580 2045 meam
593 1968 749 2074 longius
764 1965 949 2046 recedere
962 1966 1013 2045 ab
1026 1969 1259 2048 auctoritate
1269 1966 1453 2047 codicum
1466 1996 1587 2077 quam
1598 1967 1684 2046 reli·

347 2096 588 2204 quas;valde
599 2098 717 2178 salsus
727 2097 1088 2207 erisUbicumque,
1103 2098 1236 2208 quoad
1249 2098 1331 2178 fieri
1343 2101 1487 2207 potuit
1499 2100 1685 2209 antiquos

348 2227 474 2309 libros
497 2250 653 2312 secutus
677 2233 794 2311 etiam
818 2231 1118 2340 speciosissimas
1137 2231 1383 2338 conjecturas
1405 2233 1585 2312 virorum
1609 2231 1685 2312 do-

349 2378 505 2440 ctorum
525 2362 756 2471 rejiciendas
783 2365 943 2472 putavi,
974 2391 1073 2473 quas
1091 2380 1174 2443 tum
1190 2361 1351 2442 demum
1371 2364 1488 2444 ascivi
1510 2364 1582 2443 ubi
1601 2393 1684 2443 ma-

350 2492 492 2574 nifesto
520 2495 672 2605 aliquid
700 2495 928 2603 conjectura
959 2493 1225 2575 asciscendum
1252 2494 1338 2612 fuit.
1362 2495 1456 2574 Haec
1475 2522 1571 2575 vero
1598 2497 1684 2604 ipsa

349 2624 401 2702 ita
428 2652 533 2704 ame
565 2624 834 2706 administrata
861 2643 980 2726 sunt,
1015 2643 1060 2706 ιιι
1089 2625 1222 2705 omma
1256 2625 1439 2732 precario
1467 2624 1683 2706 scriberem

348 2774 591 2866 paratusque
616 2787 735 2838 essem
762 2759 827 2838 illa
856 2760 937 2867 ipsa
963 2758 1150 2866 rejicere,
1186 2757 1217 2837 si
1246 2756 1410 2836 meliora
1434 2757 1477 2836 in
1506 2755 1685 2836 medium

345 2887 596 2970 afferrentur.
623 2891 807 2972 Ceterum
837 2919 886 2970 ne
916 2893 1006 3000 quis
1021 2889 1185 2971 consilio
1205 2917 1294 2969 mco
1314 2890 1499 2996 ignorato
1530 2917 1593 2967 me
1616 2917 1681 2969 ao-

345 3037 476 3119 cuset,
506 3021 628 3100 multa
652 3023 823 3102 alienae
851 3049 912 3102 me
946 3039 1102 3130 recepta
1134 3048 1214 3101 esse
1237 3020 1379 3099 omisso
1408 3019 1571 3098 nomine
1599 3019 1684 3127 ejus

345 3153 417 3260 qui
441 3153 592 3260 primns
624 3155 863 3262 occuparit:
896 3153 996 3234 illud
1023 3181 1116 3234 sane
1144 3153 1385 3258 negligentia
1413 3181 1500 3231 mea
1533 3153 1682 3232 facturn

345 3299 426 3378 est,
446 3284 540 3392 quia
568 3283 717 3364 oblitus
742 3315 827 3365 sum
859 3286 1020 3364 nomina
1051 3283 1277 3364 adscribere
1304 3311 1445 3364 corum
1470 3286 1541 3393 qui
1570 3313 1684 3393 repe-

347 3431 486 3492 rerunt
508 3414 675 3495 editioni
707 3417 1013 3496 Wellaueriauae
1046 3445 1126 3525 qua
1161 3415 1326 3513 utebar,
1360 3414 1484 3524 idque
1514 3415 1683 3496 feceram

346 3545 474 3625 multo
491 3565 583 3627 ante
601 3576 722 3656 ιμιιιιιι
747 3549 841 3627 milri
866 3550 905 3628 in
925 3568 1095 3629 mentem
1115 3566 1275 3628 venerat
1295 3547 1415 3628 edere
1436 3547 1680 3655 AEsclrylum.

346 3685 544 3784 Quocirca
575 3687 681 3768 bona
709 3717 799 3798 quae
823 3690 995 3798 protuli,
1020 3691 1145 3770 alicua
1163 3706 1284 3794 puta;
1312 3716 1399 3798 quae
1432 3690 1588 3787 minus,
1611 3688 1683 3769 ad·

340 3815 476 3895 scribe
495 3819 603 3898 milri.

400 3947 566 4031 Codices
593 3951 777 4062 plerique
812 3971 904 4034 sunt
933 3953 1127 4061 ejusmodi
1162 3971 1205 4034 ιιι
1234 3981 1440 4062 nunquam
1479 3951 1561 4032 sere
1591 3953 1684 4032 satis

347 4097 433 4160 tuto
459 4082 505 4162 iis
541 4083 717 4164 confidas
752 4085 1109 4195 deprehendensque
1151 4085 1303 4195 ubique
1333 4084 1480 4165 indicia
1508 4084 1683 4192 plurima

346 4232 642 4314 correctorum,
672 4218 713 4296 iu
744 4219 882 4325 primis
907 4220 1102 4298 Triclinii.
1130 4221 1235 4298 luter
1260 4245 1396 4298 omnes
1428 4235 1560 4296 tamen
1583 4217 1682 4295 emi-

347 4362 414 4424 net
439 4345 566 4426 codex
593 4349 793 4430 lllediceus
813 4381 821 4428 :
840 4371 930 4460 post
949 4382 1037 4431 eum
1059 4351 1439 4459 Guelplrerbytanus
1463 4367 1503 4428 et
1534 4349 1682 4456 Regius

346 4475 544 4558 Parisinus
566 4481 694 4578 3521,
729 4493 777 4566 ab
806 4483 991 4564 Astewio
1015 4485 1199 4572 collatus,
1226 4484 1314 4562 etii
1340 4481 1488 4594 quibus
1507 4511 1600 4562 usus
1624 4499 1682 4562 est

344 4609 613 4691 Robortellus.
656 4613 887 4694 Dolendum
912 4646 1007 4697 vero
1035 4635 1092 4696 est
1126 4616 1238 4726 quod
1268 4615 1401 4696 nullus
1437 4617 1584 4696 horum
1625 4615 1679 4694 ita

345 4741 513 4822 collatus
543 4761 601 4823 est
625 4763 669 4825 ut
690 4745 841 4857 ubique
865 4767 974 4828 certo
989 4750 1086 4828 scias
1106 4748 1204 4857 quid
1228 4750 1268 4827 in
1295 4749 1370 4827 illis
1387 4749 1580 4855 scriptum
1597 4747 1677 4826 sit:

344 4900 432 4980 quae
459 4901 519 4954 res
538 4877 665 4957 multo
685 4877 953 4960 dilliciliorem
972 4877 1106 4960 reddit
1130 4908 1294 4988 operam
1311 4876 1551 4984 corrigendi.
1577 4877 1679 4978 Quae

343 5033 469 5112 quum
488 5006 540 5085 ita
559 5028 706 5108 essent,
726 5011 881 5092 codices
899 5012 993 5110 bos,
1023 5041 1124 5121 quos
1146 5013 1188 5092 in
1223 5012 1361 5120 primis
1389 5009 1593 5108 consului,
1621 5007 1675 5088 ita

343 5154 497 5218 secutus
520 5167 634 5238 sum,
665 5160 707 5222 ιιι
728 5171 931 5252 nunqnam
956 5145 1001 5222 iis
1032 5143 1273 5224 confiderem
1303 5144 1375 5222 nisi
1407 5141 1552 5222 diserte
1578 5169 1674 5220 eno·
