3888 5920
803 409 1018 473 PRAEFATIO·
1527 434 1568 478 ιιι

253 561 346 624 tatas
367 568 509 622 eorum
524 540 736 650 scripturas
759 539 947 620 viderem.
965 543 1104 648 Itaque
1119 567 1236 620 nemo
1257 542 1401 620 mirum
1415 561 1569 623 censeat

251 680 358 792 quod
392 683 517 762 multa
548 682 694 761 intacta
728 680 896 788 reliqui,
930 709 1018 789 quae
1050 679 1359 762 divinationibus
1389 682 1568 762 virorum

250 814 460 894 doctorum
480 831 656 894 correcta
672 819 808 893 essent.
828 813 922 892 Haec
939 793 1173 920 plerumque
1191 814 1306 894 nimis
1323 813 1447 895 dubia
1463 814 1571 895 vide-

251 945 407 1026 bantur.
423 947 484 1025 Ita
499 943 610 1054 quod
626 945 778 1024 mireris
793 972 843 1024 ne
857 945 1075 1023 Hermanni
1095 944 1258 1054 quidem
1274 961 1415 1054 aperta
1435 964 1571 1054 opertu

251 1079 383 1174 ascivi,
408 1077 506 1184 quia
533 1103 616 1155 non
632 1077 716 1154 sine
739 1075 919 1182 periculo
937 1073 980 1154 id
1006 1101 1069 1154 me
1091 1075 1286 1156 facturum
1296 1075 1493 1157 videbam.
1513 1078 1572 1158 Ita
1603 1183 1607 1192 ι

251 1209 499 1289 Hermannus
515 1207 557 1286 in
577 1207 700 1286 Persis
719 1235 755 1285 v.
778 1233 901 1306 1000,

606 1374 724 1456 'Erapcv
738 1373 831 1458 ἔταφον
841 1397 848 1413 ·
860 1377 906 1435 οὔκ
917 1373 985 1460 ἀμφὶ
997 1383 1105 1448 σκηναῖς

608 1479 817 1564 τροχηλάτοισιν,
828 1479 932 1542 ὄπισθεν
946 1479 1081 1560 ἕπόμινοι,

252 1627 369 1708 latine
387 1629 508 1708 vertit
535 1627 707 1721 :miron
739 1627 890 1722 miror,·
917 1656 996 1706 non
1009 1643 1104 1706 sunt
1118 1629 1225 1706 circa
1248 1629 1456 1708 tentorium
1466 1657 1577 1738 pone

251 1776 463 1867 sequentes.
480 1760 630 1839 Verum
650 1762 799 1839 Xerxes
815 1759 923 1839 solus
947 1758 1057 1839 adest
1080 1787 1210 1868 neque
1244 1762 1430 1841 convenit
1451 1762 1575 1842 ch0r0

253 1887 351 1968 illud
370 1890 520 1984 miror,
562 1889 693 1967 miror.

308 2021 355 2098 ln
390 2020 719 2126 interpretatione
750 2019 872 2099 latina
901 2017 942 2098 id
965 2020 1211 2127 potissimum
1237 2037 1390 2100 secutus
1415 2049 1503 2100 sum
1533 2040 1579 2102 ut

253 2149 428 2256 AEscbyli
449 2149 572 2229 verba
593 2149 819 2229 brevissime
842 2165 883 2228 et
900 2150 1186 2231 accuratissime
1206 2149 1325 2231 latine
1345 2149 1577 2248 redderem,

253 2299 411 2390 poetam
427 2297 536 2360 ratus
552 2281 735 2360 facillime
751 2280 945 2386 intelligi,
972 2281 1004 2360 si
1023 2279 1160 2360 eadem
1178 2283 1367 2361 orationis
1387 2281 1579 2362 brevitate

254 2413 389 2492 eadem
410 2439 521 2491 sensa
547 2411 823 2490 excitarentur.
849 2411 991 2518 Neque
1012 2409 1155 2491 dubito
1182 2413 1282 2520 quin
1308 2412 1518 2519 AEschylus
1531 2414 1587 2491 e0'

254 2547 391 2625 melius
416 2545 665 2651 exprimatur
688 2571 770 2650 quo
795 2543 916 2648 magis
943 2541 1074 2622 verbis
1104 2543 1198 2651 ipsis
1227 2545 1422 2623 institeris.
1447 2545 1507 2624 Ita
1527 2544 1582 2623 fa·
1698 2575 1700 2582 ’

253 2677 395 2756 cillime
416 2676 497 2753 vim
520 2691 649 2783 poetae
675 2690 869 2752 assecutus
889 2675 942 2752 sis
964 2675 1252 2782 retinuerisque
1280 2674 1483 2756 brevitatis
1511 2674 1581 2756 de-

255 2839 319 2890 cus
341 2804 456 2918 quod
477 2835 560 2887 non
575 2807 681 2886 inter
699 2805 861 2885 minima
879 2805 1132 2886 referendum
1146 2807 1207 2886 sit.
1228 2807 1401 2887 Brevitas
1419 2807 1582 2916 quidem

254 2941 535 3020 obscuritatem
551 2946 655 3047 parit
684 2967 693 3017 ε
720 2966 860 3017 verum
887 2935 1079 3035 diminui,
1106 2955 1152 3018 ut
1173 2957 1300 3045 puto,
1330 2940 1408 3020 hoc
1433 2941 1583 3020 incom-

256 3074 419 3155 modum
451 3072 595 3153 additis
626 3071 816 3153 brevibus
855 3059 1265 3178 interpretationibus.
1297 3071 1451 3152 Deinde
1486 3100 1582 3151 vero

255 3206 463 3312 AEschylus
493 3231 576 3284 non
605 3206 636 3284 is
658 3205 806 3313 estqui
834 3232 856 3282 a
887 3205 1137 3284 somnolento
1177 3221 1217 3284 et
1250 3206 1439 3286 oscitante
1461 3205 1582 3285 lecto-

258 3365 299 3416 re
311 3335 479 3442 intelligi
495 3336 628 3444 possit.
642 3337 778 3436 Quare
797 3336 868 3444 qui
881 3335 987 3415 volet
1002 3362 1238 3442 cognoscere
1249 3335 1477 3442 AEschylum
1496 3365 1579 3415 non

257 3467 467 3548 deterritus
491 3465 691 3573 cogitandi
713 3466 852 3546 labore
881 3497 889 3544 :
923 3469 959 3546 ei
984 3467 1067 3546 haec
1089 3467 1366 3574 interpretatio
1390 3469 1482 3548 satis
1509 3468 1585 3547 erit

257 3599 376 3680 facilis
403 3615 443 3678 et
466 3599 685 3705 perspicua.
708 3599 754 3676 ln
775 3596 937 3705 reliquis
965 3599 1054 3677 satis
1076 3596 1235 3677 habebo
1260 3598 1292 3676 si
1313 3626 1399 3676 mea
1420 3626 1584 3707 quoque

254 3758 379 3838 opera
401 3727 554 3837 aliquid
582 3757 630 3808 eo
654 3729 890 3808 contulerim
925 3746 970 3808 ut
993 3728 1238 3838 frequentius
1264 3746 1383 3836 poeta
1412 3729 1583 3834 legatur,

255 3889 338 3970 quo
353 3861 627 3941 sublimiorem
654 3860 839 3969 lectuque
861 3859 1082 3968 digniorem
1118 3861 1330 3968 antiquitas
1366 3861 1489 3941 habet
1518 3890 1586 3941 ne·

257 3994 416 4071 minem.

308 4123 387 4204 Sed
404 4123 485 4232 jam
505 4151 659 4204 necesse
686 4141 743 4204 est
768 4120 819 4202 ad
845 4123 913 4202 illa
936 4123 1067 4204 redire
1086 4153 1175 4234 quae
1201 4141 1270 4206 aut
1282 4125 1493 4226 innovavi,
1518 4142 1588 4205 aut

257 4257 403 4336 intacta
435 4254 592 4363 reliqui.
620 4256 720 4357 Quae
752 4254 848 4335 dum
874 4284 1053 4364 expono,
1076 4285 1208 4336 meum
1231 4285 1313 4337 non
1339 4285 1421 4337 esse
1446 4284 1586 4338 censeo

258 4404 302 4467 ut
313 4389 412 4468 alios
432 4385 679 4494 redarguam.
697 4388 797 4468 Satis
811 4387 970 4468 habebo
985 4417 1062 4498 pro
1077 4390 1257 4470 instituto
1277 4417 1366 4469 meo
1385 4388 1588 4470 brevitatis

260 4519 325 4600 illa
342 4546 672 4602 commemorasse
687 4537 727 4600 et
747 4519 819 4600 ubi
832 4520 908 4600 fuit
925 4523 1184 4603 necessarium
1204 4520 1434 4602 defendisse.

781 4861 1079 4900 *0⁰⁰0*—
