3888 5920
221 452 259 500 Π

473 559 743 628 PROMETHEUS.

259 697 305 759 td
315 692 521 758 Prometheum
531 691 609 770 qnod
623 689 725 750 attinet
736 707 881 768 perpauca
893 687 987 746 habeo
1062 735 1069 748 .

220 807 285 868 qnae
309 785 413 844 dicam.
434 785 540 840 Versus
556 781 593 838 50
611 778 765 838 offensioni
780 777 920 836 sultanis
934 777 988 835 do-

221 878 284 937 ctis.
306 873 402 936 Schcl.
425 872 553 950 explicat
573 867 693 951 θπράχθη
714 867 837 926 vocibus
860 865 986 948 ὥρισται,

219 961 378 1024 τετάπονται.
401 968 502 1040 ltaque
521 958 634 1040 ἐκράνθη
655 976 756 1016 verum
774 957 885 1036 putavi,
907 953 987 1034 quod

221 1063 346 1130 posteaa
358 1047 486 1127 Reisigio
501 1045 661 1124 conjectum
675 1064 736 1103 esse
748 1043 881 1121 cognovi.
894 1043 988 1102 Schae·

220 1139 298 1198 feros
316 1138 346 1199 in
359 1143 436 1216 App.
449 1136 485 1194 ad
500 1139 583 1194 Dem.
597 1139 621 1208 1,
637 1153 665 1211 p.
679 1134 736 1206 876
748 1133 863 1210 scripsit
876 1131 985 1211 ἐτάχθη.

219 1226 276 1288 Sed
288 1240 366 1286 recte
377 1223 506 1307 ἐπράχθη.
521 1222 668 1282 Sententia
681 1235 725 1281 est
738 1245 744 1282 :
759 1223 857 1281 omnia
869 1221 899 1278 in
916 1221 987 1278 deo-

220 1336 285 1374 rum
300 1316 455 1374 utilitatem
467 1315 569 1372 ellectu
589 1323 619 1370 et
633 1323 733 1390 parata
753 1323 837 1384 sunt;
850 1311 917 1368 lovi
931 1330 985 1388 pa-

219 1417 284 1462 rent
300 1403 339 1462 dii
355 1416 388 1462 nt
407 1401 513 1481 quibus
533 1399 688 1479 imperium
706 1421 764 1458 non
787 1398 917 1476 contigit.
942 1404 987 1457 Dc

219 1491 332 1576 πράσσω
346 1492 382 1550 cl.
398 1497 480 1550 Eum.
500 1510 553 1548 aaa
567 1503 595 1547 et
610 1489 676 1564 928.

260 1581 307 1653 76.
316 1579 823 1656 Pedicaeiotelligunturquecernem
836 1588 988 1656 penetrant

219 1687 279 1748 quo
287 1668 393 1728 arctius
405 1667 507 1746 pedem
520 1665 726 1743 constringant.

260 1757 317 1816 235
331 1755 395 1815 cod.
410 1756 489 1816 Med.
505 1751 557 1834 ἐγὼ
568 1753 595 1812 δὲ
609 1751 721 1831 τολμησ’
735 1750 770 1822 ἐξ.
781 1752 987 1812 Valckenarius

219 1840 271 1923 θγὼ
283 1844 305 1903 δ’
318 1843 444 1922 θτάλμησ*
458 1841 493 1912 li.
507 1843 675 1902 Deteriores
688 1841 803 1900 codices
814 1839 866 1920 ἐγὼ
879 1837 906 1898 δὲ
924 1841 984 1899 τολ-

220 1935 271 2010 μῆς
283 1933 327 1991 vel
341 1929 393 2010 ἐγὼ
409 1929 434 1989 δ’
447 1934 462 1991 θ
474 1933 584 2010 τολμῆς,
597 1949 662 2009 quae
676 1931 828 1989 manifesto
845 1942 987 1988 correctio

219 2034 271 2082 esi.

260 2111 317 2170 313
332 2122 400 2169 sunt
410 2109 461 2188 qui
475 2107 554 2188 χόλον
569 2105 745 2187 improbent,
759 2109 805 2167 coi
820 2105 899 2187 ὄχλον
914 2104 987 2164 sob-

221 2201 350 2260 stituaat.
364 2203 454 2258 Recte
469 2196 546 2256 libri.
564 2201 637 2256 Sunt
651 2195 779 2270 labores,
795 2195 900 2274 quibus
914 2201 987 2253 Pro-

220 2288 351 2348 metheus
363 2285 543 2346 enuntiandis
554 2285 698 2344 irascitur.

261 2379 328 2445 aso.
339 2374 430 2435 Valde
446 2375 556 2433 incerto
570 2386 613 2432 est
622 2373 706 2451 hojns
717 2393 814 2432 versos
829 2373 985 2451 scriptura5

219 2463 391 2532 ὑποστενάζει
402 2463 433 2522 in
447 2461 530 2520 libris
542 2481 627 2520 mauu
639 2463 763 2541 scriptis.
775 2463 919 2539 Reisigios
934 2461 987 2520 de·

220 2552 337 2612 leodem
351 2563 471 2610 conatus
481 2561 525 2608 cst
535 2549 580 2610 his
591 2547 688 2610 verbis
698 2571 705 2606 :
716 2549 908 2610 Fundamenti
922 2548 986 2610 loco

210 2632 384 2701 'habendum
405 2637 587 2711 ὑποστενάζει,
611 2651 671 2696 tum
685 2651 806 2718 propter
828 2639 986 2699 auctorita-

220 2742 278 2788 tem
293 2727 446 2801 librorum,
461 2739 522 2784 tum
538 2727 616 2804 qnod
633 2726 669 2785 de
683 2747 770 2804 prosa
787 2728 919 2786 oratione
930 2746 985 2805 pe-

220 2817 305 2876 titum
337 2829 380 2876 est
404 2813 589 2883 θποθαστάζει.
620 2819 664 2874 lta
693 2827 790 2874 autem
815 2813 904 2885 σθένος
927 2836 986 2876 non

220 2906 310 2966 lrabct
336 2925 395 2984 quo
416 2904 566 2964 referatur.
586 2903 673 2978 Quod
693 2917 788 2963 autem
807 2907 986 2966 Wellauerus

220 2997 328 3074 cogitat
343 2994 379 3053 de
399 2995 507 3074 figura,
531 3013 616 3072 quam
631 2992 657 3052 ἓν
676 2992 721 3052 διὰ
734 2994 805 3054 δυοῖν
821 2994 935 3070 dicunt,
950 2995 987 3054 de

219 3104 255 3144 eo
268 3082 447 3142 multimodis
463 3083 593 3142 fallitur:
608 3083 648 3144 ita
661 3082 737 3140 eoim
751 3103 804 3141 nec
824 3080 855 3142 cl
876 3103 986 3162 ponere

219 3173 287 3231 licet
308 3190 364 3250 pro
375 3169 430 3244 καί,
446 3191 499 3228 nec
514 3171 689 3249 praemittere
709 3169 911 3229 attributivum
929 3191 985 3229 no-

220 3279 285 3319 meu
302 3281 308 3316 r
326 3259 429 3318 deinde
441 3256 517 3338 βάρος
534 3256 767 3316 dicendum-crat
783 3258 820 3316 de
833 3259 915 3331 coelo,
928 3277 986 3316 noo

219 3347 327 3416 σθάνοςε
343 3359 482 3425 praeterea
499 3366 536 3404 ne
548 3346 589 3406 sie
602 3345 719 3424 quidem
731 3366 817 3424 qoam
831 3346 987 3406 instituerit

220 3437 436 3516 grammaticam
448 3432 604 3494 verborum
619 3446 792 3492 structuram
806 3435 985 3511 intelligitur.

220 3523 377 3601 Scripturae
401 3522 593 3601 discrepantia
615 3533 716 3581 notata
737 3521 816 3581 nulla
831 3534 890 3596 est,
908 3542 985 3601 prae-

218 3623 352 3690 terqnam
365 3611 445 3690 quod
463 3608 548 3670 Ἄτλα
559 3610 582 3669 θ’
596 3611 741 3688 reperitur
758 3611 838 3692 apud
859 3612 987 3672 Scholia-

217 3713 301 3760 stam.
326 3704 360 3759 ln
384 3719 420 3758 co
444 3712 541 3759 autem
564 3699 709 3758 vocabulo
738 3701 800 3778 ipsa
821 3703 986 3778 corruptela

217 3789 347 3848 cernitur
356 3787 610 3866 emendandosque
623 3788 778 3866 AEschylns
791 3789 833 3847 sie
845 3801 906 3848 est:

296 3892 437 3962 Ἀτλαντος
450 3891 506 3952 αἰὲν
521 3895 660 3976 θττιθροχον
670 3894 757 3962 σθένος
770 3894 895 3976 κραταιὸν

297 3983 417 4066 οὐράνιόν
428 4007 457 4042 τι
468 3983 549 4042 πάλον
560 3982 653 4052 νώτοις

360 4071 536 4142 ὑποστενάζει.

218 4187 262 4244 lta
283 4183 437 4262 Remigius,
450 4185 500 4262 qui
513 4185 781 4264 interpretationem
794 4185 897 4246 deinde
912 4193 985 4248 Ger·

219 4272 361 4330 manicam
381 4271 504 4335 addidit.
525 4279 598 4348 Quae
623 4294 712 4352 quum
744 4273 878 4336 subtilius
900 4297 985 4354 quam

218 4361 316 4419 verius
329 4362 473 4440 explicata
488 4363 558 4421 milri
576 4363 756 4439 viderentur,
777 4383 836 4422 oon
856 4363 986 4424 dubitavi

219 4448 362 4507 Dindorlii
373 4464 402 4509 ct
413 4449 527 4509 facilem
540 4465 569 4509 et
581 4452 740 4529 elegantem
755 4455 986 4514 emendationem

217 4555 367 4596 asciscere.

258 4625 327 4698 578.
342 4625 415 4684 Vide
430 4627 587 4686 Hermanoi
603 4632 710 4707 Opusc.
732 4628 789 4687 vol.
808 4631 859 4703 tv,
874 4649 902 4708 p.
919 4632 985 4700 334.

258 4711 313 4784 617
327 4713 406 4790 quod
422 4713 509 4772 hodie
523 4714 627 4792 legitur
640 4724 693 4774 πᾶν
703 4713 753 4796 γθρ
767 4713 808 4790 ἂν,
827 4735 863 4774 ert
883 4717 985 4794 conje-

218 4811 300 4856 ctura
310 4804 345 4857 H.
361 4802 496 4879 Stephani
505 4803 666 4880 proiectum
681 4817 742 4875 est;
756 4825 855 4862 verum
868 4805 986 4864 minime

218 4887 405 4965 rejiciendum
427 4903 470 4948 est
482 4899 534 4948 πᾶν
553 4889 605 4973 γάρ
619 4883 674 4966 οὖν,
689 4912 725 4951 ex
739 4892 838 4950 codice
855 4894 985 4952 Mediceo
1006 4941 1009 4970 ,

220 4991 380 5036 cantatum.
394 4979 534 5038 Estenim
555 4980 619 5038 lene
642 4981 796 5058 imperium
818 4982 863 5040 vel
887 4982 985 5060 potius

221 5067 385 5126 exhortatio
408 5089 415 5124 :
438 5091 451 5119 ι
474 5067 528 5125 Dic
548 5067 619 5144 quid
640 5069 730 5138 velis,
757 5088 824 5126 nam
853 5089 911 5127 non
943 5084 986 5130 est

220 5156 298 5234 quod
313 5157 411 5215 timeas
422 5179 428 5214 ι
440 5155 572 5234 exquiras
587 5175 623 5213 ex
636 5175 682 5215 me
695 5157 801 5214 omnia.
817 5183 829 5208 ι
842 5157 885 5218 Cl.
896 5159 984 5236 Soph.

220 5244 294 5304 OEd.
307 5249 339 5305 C.
359 5247 405 5318 ul,
426 5244 475 5302 olii
492 5243 635 5302 immerito
657 5242 688 5300 dv
705 5245 908 5324 interpositum
932 5261 983 5307 est.

896 423 1110 488 romulu.

1034 559 1085 618 Est
1109 559 1186 620 enim
1205 575 1306 621 votum
1330 534 1407 622 illius
1427 561 1476 640 qui
1497 560 1626 640 loquitor
1646 573 1678 620 ut
1691 579 1727 621 ne
1740 581 1800 623 tm·

1031 667 1117 724 quam
1129 650 1257 728 populus
1277 649 1454 711 Atheniensis
1477 649 1650 710 Eumenidas
1666 649 1723 710 alio
1743 668 1798 710 no-

1031 753 1109 794 mme
1121 750 1213 796 vocet.

1072 841 1129 894 ριν
1144 824 1258 887 codices
1274 845 1374 886 omues
1389 825 1514 906 γθτοδας.
1534 831 1717 888 Hermannus
1730 827 1797 888 tttt

1030 907 1082 986 γνῐ’
1095 907 1250 980 ἁλιστόνοις.

1071 1017 1138 1072 770,
1164 999 1204 1059 ita
1226 1001 1410 1079 interpretes.
1435 1001 1533 1062 Codex
1563 1003 1691 1080 optimus
1714 1001 1799 1076 πλὴν,

1031 1085 1109 1162 quod
1123 1086 1239 1146 minime
1250 1087 1441 1165 rejiciendum
1454 1103 1499 1150 est
1516 1101 1545 1149 et
1559 1089 1682 1150 fortasse
1698 1092 1799 1151 melius

1030 1192 1117 1251 qoam
1132 1175 1211 1252 quod
1224 1191 1372 1256 receptum
1387 1192 1440 1238 est.

1071 1283 1125 1338 791
1145 1263 1256 1324 laconae
1269 1266 1383 1344 signum
1397 1280 1441 1325 est
1456 1266 1640 1346 appositom3
1660 1287 1760 1326 verum
1775 1269 1798 1327 si

1030 1349 1186 1420 ἡλιοστιθεῖς
1201 1374 1254 1432 pro
1273 1353 1365 1414 verbo
1383 1356 1524 1434 accipias,
1548 1375 1584 1415 eo
1607 1355 1797 1435 supersedere

1030 1439 1149 1515 poteris.

1071 1527 1129 1584 880
1143 1540 1210 1587 sunt
1222 1530 1272 1607 qui
1284 1527 1382 1611 ἄπυρος
1393 1534 1633 1589 suadeatissr'mom
1647 1529 1798 1607 explicent.

1030 1618 1097 1674 Non
1112 1629 1200 1675 recte.
1215 1618 1387 1698 Intelligitur
1401 1620 1479 1678 enim
1491 1620 1623 1679 stitnolus
1635 1619 1686 1696 qui
1701 1639 1800 1698 quam·

1030 1721 1116 1780 qnam
1127 1705 1190 1763 sine
1199 1706 1264 1784 igue
1277 1719 1330 1782 cst,
1341 1719 1437 1765 tamen
1448 1707 1531 1767 ardet
1539 1708 1798 1767 vehementissime.

1073 1795 1148 1852 1013
1163 1795 1250 1869 μεῖζον
1263 1795 1292 1852 in
1306 1794 1402 1869 codd.;
1414 1802 1487 1873 μεῖον
1501 1794 1668 1875 conjectura
1680 1793 1799 1854 Stanleii

960 1929 966 1942 ,
1033 1877 1158 1940 refutata
1174 1881 1211 1940 ab
1225 1881 1400 1942 Wellauero.

1074 1968 1148 2027 1050
1161 1973 1179 2043 ἡ
1190 1970 1265 2029 τοῦδε
1278 1969 1347 2051 τύχη
1367 1973 1525 2046 Dindorlii,
1538 1973 1568 2031 ni
1580 1973 1679 2050 fallor,
1697 1970 1799 2049 conje-

1030 2065 1112 2114 ctura
1125 2070 1177 2116 est.
1197 2059 1269 2117 Cod.
1281 2060 1359 2120 Med.
1378 2050 1396 2132 ii
1417 2061 1487 2120 τοῦδ’
1500 2063 1613 2141 εὐτυχῆ,
1626 2061 1656 2119 in
1671 2058 1800 2138 margine

1031 2143 1054 2200 cl
1067 2141 1136 2202 τάδ’.
1148 2145 1205 2204 atii
1217 2146 1309 2204 aliter.

1316 2299 1516 2326 σ-,οου-

1207 2381 1359 2444 SEPTEM
1379 2385 1433 2446 ΑΙ)
1454 2385 1611 2446 THEBAS.

1069 2513 1105 2570 V.
1126 2512 1160 2571 13
1173 2514 1277 2591 copula
1290 2528 1357 2593 post
1368 2513 1440 2597 ὤραν
1453 2517 1533 2576 deest
1545 2520 1575 2578 in
1587 2513 1723 2574 omnibus
1738 2514 1798 2571 sere

1030 2597 1195 2672 codicibns;
1217 2599 1315 2678 itaque
1337 2621 1400 2661 earn
1417 2603 1514 2680 rejeci.
1533 2603 1666 2664 Eteocles
1683 2603 1714 2660 io
1735 2620 1799 2658 ma-

1029 2687 1109 2746 ximo
1125 2689 1227 2768 patrie
1248 2690 1379 2767 periculo
1397 2710 1496 2752 omnes
1511 2692 1548 2752 ad
1567 2711 1646 2752 arma
1660 2687 1800 2768 capienda

1030 2788 1146 2850 evocat,
1166 2776 1253 2834 etiam
1274 2797 1380 2856 pueros
1403 2789 1432 2837 et
1453 2799 1534 2838 senes
1549 2781 1599 2859 qui
1613 2800 1631 2839 a
1644 2777 1728 2838 bellis
1744 2777 1800 2835 alio

1031 2875 1163 2942 tempore
1178 2867 1361 2925 vacationem
1380 2867 1535 2928 habebant.
1555 2875 1700 2928 Jtrvenom
1722 2866 1799 2924 nulla

1030 2951 1138 3012 mentio
1150 2953 1281 3012 faciendo
1298 2968 1377 3029 erat,
1392 2957 1461 3034 quia
1477 2957 1508 3016 hi
1524 2957 1603 3016 omni
1619 2969 1750 3032 tempore
1763 2953 1799 3012 ad

1031 3039 1133 3099 orbem
1144 3039 1353 3104 defendendam
1364 3047 1451 3104 armis
1463 3047 1555 3124 parati
1571 3065 1632 3104 csse
1644 3041 1801 3102 debebant.

1030 3135 1132 3209 ltaque
1144 3145 1176 3190 ut
1194 3130 1301 3211 aliquid
1318 3134 1443 3206 diceret,
1458 3156 1516 3214 quo
1530 3135 1620 3214 majos
1638 3133 1799 3212 periculum

1031 3219 1132 3297 patriae
1148 3219 1300 3280 imminens
1325 3224 1505 3297 ostenderet,
1524 3223 1647 3302 juvenes
1672 3239 1801 3280 comme-

1031 3324 1145 3365 morare
1157 3308 1263 3366 omisit.
1274 3311 1356 3380 Quos
1369 3311 1391 3367 si
1404 3313 1542 3370 voluisset
1556 3311 1716 3380 nominare,
1727 3327 1799 3386 pro-

1030 3394 1076 3451 cul
1100 3391 1190 3452 dnbio
1214 3394 1243 3453 id
1266 3415 1326 3454 non
1344 3398 1466 3458 strictim
1489 3412 1518 3459 et
1539 3398 1636 3457 obiter
1652 3395 1800 3474 copulari

1032 3493 1086 3540 tam
1100 3482 1155 3542 levi
1167 3495 1197 3541 et
1211 3485 1291 3544 tenui
1304 3485 1404 3546 addite
1418 3488 1541 3558 fecisset,
1554 3500 1585 3546 ut
1598 3485 1800 3546 tantummodo

1030 3567 1101 3652 ὥραν
1111 3569 1135 3628 τ’
1148 3569 1233 3650 ἔχονθ’
1244 3570 1353 3633 ἕκαστον
1369 3575 1486 3634 eliceret.
1499 3577 1600 3654 ltaque
1611 3571 1681 3654 ὤραν
1694 3573 1799 3630 omissa

1030 3661 1134 3738 copula
1155 3661 1339 3721 scribendum
1363 3662 1425 3722 suit.
1448 3663 1560 3722 Deinde
1579 3659 1615 3730 ὥς
1636 3685 1662 3722 τι
1684 3660 1800 3721 codices

1031 3751 1143 3830 optimi.
1160 3752 1304 3812 Stanleios
1319 3750 1356 3819 ὥς
1376 3775 1419 3825 τις
1442 3753 1522 3832 qtrod
1540 3773 1629 3831 quum
1648 3750 1735 3829 paolo
1750 3753 1799 3808 io-

1030 3841 1181 3900 ccrtiorem
1207 3844 1452 3920 comparationem
1476 3844 1570 3917 saciat,
1591 3845 1626 3909 ὼς
1640 3840 1670 3900 τὸ
1691 3840 1798 3920 praese·

1031 3927 1152 3987 rendum
1172 3929 1318 4008 Judicuvi‚
1337 3931 1355 3989 i.
1377 3950 1402 3991 e.
1421 3933 1651 4007 qncrrradmodnm
1677 3927 1799 4003 officium

1030 4024 1239 4093 uniuscnjusque
1255 4032 1298 4076 cst
1311 4025 1474 4095 ntpatriaor
1488 4017 1631 4094 desendet.
1666 4013 1668 4017 ¹

1072 4107 1109 4164 8³
1123 4106 1262 4165 sententia
1273 4118 1302 4164 et
1313 4127 1414 4167 versus
1430 4108 1580 4186 postulant
1593 4101 1728 4184 ἑλεδάμας.
1741 4108 1799 4166 Co-

1032 4193 1109 4252 dices
1123 4192 1271 4273 θλοδεμνάς.

1076 4283 1129 4342 ιο5
1146 4296 1281 4343 construe
1293 4306 1300 4342 r
1311 4289 1386 4361 γενοῦ
1402 4281 1511 4350 Λύκειος
1526 4285 1605 4350 ἀϋτᾶς
1617 4280 1726 4342 στάνων.
1736 4285 1798 4340 Do·

1032 4371 1118 4430 bituri
1130 4373 1205 4431 enim
1220 4394 1278 4432 non
1297 4386 1408 4454 potest,
1420 4375 1492 4453 quin
1505 4371 1583 4438 λάιιος
1598 4375 1660 4434 sive
1669 4370 1738 4444 λύκη
1751 4373 1797 4432 vel

1030 4461 1121 4519 simile
1143 4461 1214 4539 quid
1229 4463 1266 4520 sit
1281 4462 1498 4524 fundamentum
1516 4463 1594 4522 vocis
1613 4483 1650 4521 ex
1668 4482 1726 4540 quo
1739 4460 1797 4521 Λά-

1029 4570 1097 4615 κιιος
1111 4549 1148 4608 sit
1161 4548 1317 4610 derivatus.
1331 4551 1417 4623 Quod
1426 4553 1450 4611 si
1463 4563 1516 4622 est,
1532 4549 1641 4616 Δύνοντος
1656 4549 1796 4627 significat

1030 4637 1139 4715 aliquid
1157 4639 1236 4715 ιριιοιλ
1259 4641 1406 4699 affinitatis
1422 4639 1532 4718 aliquid
1548 4639 1652 4698 lrabeat
1668 4657 1734 4696 cum
1751 4659 1796 4697 ra·

1030 4722 1084 4782 diis
1100 4725 1176 4784 solis.
1192 4725 1255 4786 Vid.
1272 4731 1366 4786 Dunc.
1380 4733 1449 4787 Lex.
1464 4733 1550 4786 Hom.
1563 4727 1645 4786 Piod.
1657 4747 1685 4786 v.
1702 4723 1796 4792 Λύκος.

1074 4813 1123 4868 ι6ι
1152 4813 1265 4871 codices
1292 4813 1374 4880 τελος.
1397 4815 1424 4872 ln
1448 4813 1562 4896 μάχαισί
1586 4835 1624 4874 το.
1653 4813 1797 4872 Dindorlii

1029 4897 1193 4975 conjectura
1208 4913 1251 4960 est
1267 4901 1293 4958 ln
1309 4901 1416 4982 μάχαις·
1430 4901 1461 4960 σά
1472 4925 1511 4976 τι,
1523 4921 1587 4980 quae
1596 4903 1717 4960 sortasse
1731 4923 1797 4981 pro·

1028 4985 1095 5062 pius
1110 4985 1228 5045 accedat
1248 4987 1284 5045 ad
1298 4988 1402 5046 ductos
1419 4990 1569 5048 literarum
1582 5009 1646 5066 qum
1659 5002 1728 5048 suot
1744 5011 1796 5050 co-

1028 5073 1140 5147 dicum,
1153 5074 1178 5133 si
1200 5075 1345 5134 scribatur
1366 5088 1399 5135 ot
1417 5079 1520 5155 scripsi
1538 5099 1546 5136 ι
1565 5078 1592 5136 ln
1610 5075 1700 5158 μάχα·
1712 5075 1745 5136 σά
1758 5101 1796 5139 τι.

1028 5165 1191 5221 Pronomeu
1207 5161 1240 5222 σά
1256 5165 1333 5223 enim
1345 5165 1536 5226 necessarium
1548 5179 1608 5224 cst:
1622 5186 1797 5226 namomnes

1028 5249 1146 5309 deinum
1160 5250 1356 5312 invocationes
1369 5252 1406 5314 ab
1421 5253 1474 5314 hae
1488 5255 1591 5314 vocatia
1603 5254 1757 5334 incipiunt.
