3902 5918
332 379 635 442 ullusulius.

105 535 139 572 us
153 511 296 590 Πέμπουσι
309 514 334 574 δ’
346 513 498 584 ἀνδαίοντες
511 513 614 598 ἀφθόνῳ
630 514 700 594 μένει

148 599 239 682 φλογδς
254 599 343 680 μέγαν
357 602 490 678 πώγωνα,
506 605 552 662 καί
567 605 720 678 Σαρωνικοῦ

149 695 264 776 πρρθμοῦ
279 689 417 751 κάτοπτον
429 693 510 773 πρῶν’
524 691 697 772 ὓπερόόλλειν
712 691 803 773 πρόσω

150 777 310 860 φλέγουσαν·
329 772 380 838 εἶτ’
396 779 514 862 ἔσκηψεν,
529 781 583 840 ἔστ’
597 779 706 863 ἀφίκετο

148 867 303 948 Ἀραχναῖον
318 859 416 942 α’ίπος,
428 869 611 947 ἀστυγείτονας
626 869 738 938 σκοπός·

104 977 139 1016 ιιι
151 956 251 1016 κᾶπειτ’
266 955 409 1038 Ἀτρειδῶν
423 961 448 1025 ἐς
460 957 518 1018 τόδε
533 959 645 1031 σκήπτει
659 958 748 1038 στέγος

150 1045 211 1126 ρέος
222 1045 276 1106 τόδ’
289 1049 339 1106 οὐκ
355 1044 485 1106 ἄπαππον
501 1047 598 1107 Ἰδαίου
610 1045 700 1130 πυρός.

149 1139 173 1196 Τ
173 1135 250 1194 οιοίδε
264 1133 305 1194 τοί
318 1158 366 1218 μοι
381 1133 597 1217 λαμπαδηφόρων
612 1135 703 1212 νόμοι,

151 1223 225 1292 α’λλσς
238 1222 305 1301 παρ’
319 1223 405 1283 οῖλλσυ
418 1225 552 1304 διαδοχαῖς
563 1223 753 1306 πληρούμενοι·

150 1313 207 1386 νικᾷ
222 1304 244 1362 δ’
257 1309 273 1363 δ
286 1309 394 1386 πρῶτος
407 1303 453 1362 καλ
466 1305 614 1371 τελευταῖος
628 1303 745 1386 δραμών,

105 1415 137 1453 ιιι
147 1393 256 1474 Τέκμτρ
270 1397 377 1451 ποιοῖντο
389 1389 519 1470 ξύμόσλόν
530 1415 558 1452 τε
574 1392 614 1452 ool
628 1392 710 1471 λέγω,

148 1480 236 1563 ἀνδρός
250 1479 482 1562 παραγγείλαντος
497 1484 526 1541 le
540 1481 639 1564 Τροίας
652 1481 722 1560 ἐμοί.

426 1599 537 1645 ΧΟΡΟΣ.

150 1679 225 1744 Θεοῖς
238 1675 288 1756 μέν
301 1667 390 1750 α’ύθις,
405 1667 428 1738 ὦ
441 1675 530 1758 γύναι,
544 1673 731 1758 προσεύξομαι.

151 1767 246 1846 Λόγους
260 1765 283 1826 δ’
298 1767 416 1826 ἀκοῦσαι
429 1765 521 1826 τούσδε
535 1763 742 1842 κάποθαυμάσαι

152 1855 271 1926 διηνεκῶς
285 1853 387 1932 θέλοιμ’
403 1853 445 1928 δν,
459 1857 494 1922 ὡς
504 1853 588 1934 λέγοις
606 1853 692 1914 πόλιν.

336 1973 453 2020 [Ami
459 1971 618 2020 ΜΝΗΣΤΡΑ.

108 2053 244 2132 ιιιΤροίαν
260 2052 363 2135 Ἀχαιοί
379 2053 439 2134 τῇδ’
452 2052 538 2134 ἔχουσ’
554 2055 580 2112 ἐν
594 2051 690 2132 ἡμέρα.

153 2133 234 2220 Οἶμαι
250 2143 314 2223 βοὴν
329 2143 444 2222 α’μικτον
457 2144 483 2202 έν
499 2140 575 2202 πόλει
588 2140 707 2222 πρέπειν.

154 2231 226 2302 Ὄξος
239 2233 262 2292 τ’
277 2231 376 2312 ἄλειφά
390 2231 414 2290 τ’
429 2227 523 2310 ίγχέας
536 2231 624 2310 ταύτῷ
641 2228 730 2303 κύτει,

157 2319 348 2400 διχοσταταῖνό
364 2319 407 2392 δν,
418 2320 449 2379 οὐ
463 2318 546 2400 φίλω,
560 2315 755 2398 προσεννέποις.

155 2411 205 2470 Καὶ
215 2413 265 2468 τῶν
280 2407 400 2468 ἁλόντων
415 2407 462 2466 καὶ
477 2405 665 2487 κρατησάντων
678 2405 740 2485 δίχα

110 2517 142 2556 ιιι
155 2497 260 2580 ρθσγγίες
275 2495 381 2556 ἀκούειν
398 2493 456 2555 ἐστί
470 2503 605 2576 συμφορᾶς
619 2495 721 2566 διπλῆς.

152 2589 187 2646 (ii
199 2585 244 2663 μὲν
257 2583 309 2666 γδρ
323 2583 395 2667 ἀμφὶ
409 2581 530 2662 σώμασιν
543 2581 711 2650 πεπτωκότες

154 2675 249 2756 ἀνδρῶν
262 2672 433 2752 κασιγνήτων
447 2696 476 2732 τε
491 2671 535 2731 καλ
550 2671 714 2753 φυταλμίων,

154 2765 239 2830 παῖδες
251 2763 392 2844 γερόντων,
408 2760 494 2820 οὐκέτ’
510 2758 683 2840 ἐξελευθέρου

155 2849 227 2930 δέρης
240 2850 425 2928 ἀποιμώζουσι
439 2847 571 2930 φιλτάτων
586 2845 680 2928 μόρον.

110 2959 143 3000 ιιι
153 2939 217 3008 Tmo
230 2941 253 3000 δ’
267 2931 330 3000 τότε
344 2936 554 3016 νυκτίπλαγκτος
567 2939 598 2996 ἐκ
613 2935 702 3017 μάχης
715 2935 793 3004 πόνος

152 3033 234 3100 νῆστις
245 3027 310 3110 πρὸς
323 3021 475 3109 δρίστοισιν
487 3015 524 3082 διν
539 3025 595 3104 ἔχει
608 3023 684 3094 πόλις

152 3115 250 3189 πέσσει,
263 3116 328 3196 πρὸς
339 3113 416 3175 οὐδὲν
432 3116 459 3174 ἐν
476 3113 548 3194 μέρει
561 3112 717 3194 τεκμήριον·

153 3206 207 3264 llt’
221 3209 256 3272 ίις
270 3205 383 3270 έκαστσς
398 3201 515 3262 ίσπασεν
527 3200 609 3282 τύχης
623 3203 719 3280 πόλον,

153 3296 177 3352 ts
191 3291 373 3374 αίχυαλεδτοις
388 3293 521 3372 Τρωικοῖς
533 3290 660 3364 οἰκήμασι

110 3399 143 3438 ιιι
153 3381 262 3442 ναίωσιν
275 3383 343 3454 ἤδη,
358 3383 413 3440 τῶν
427 3375 568 3460 ὑπαιθρίων
583 3376 676 3456 πείγων

154 3469 248 3550 δρόσων
261 3469 285 3528 τ’
299 3465 518 3546 ἀπαλλαγέντες,
533 3469 568 3532 ὡς
584 3460 753 3543 σλιίιδαίμονες

110 3547 118 3566 ’
154 3557 297 3638 ἀφύλακτον
311 3555 456 3628 εὑδήσουσι
469 3564 557 3613 πᾶσαν
572 3553 706 3634 εὐφρόνην.

154 3649 185 3707 Ei
197 3647 221 3705 δ’
234 3637 264 3706 εδ
277 3643 386 3706 σίόαυσι
401 3643 462 3711 τοὺς
475 3641 666 3722 πολισσούχους
681 3639 752 3710 θεοὺς

153 3731 205 3800 τούς
219 3739 265 3806 τῆς
280 3731 399 3802 ἁλούσης
412 3735 463 3810 γῆς
476 3735 540 3790 θεῶν
555 3731 576 3790 θ’
590 3729 737 3810 ἱδρύματα,

110 3837 142 3878 ιιι
153 3823 195 3880 αλκ
209 3823 240 3882 δν
255 3825 358 3888 ἑλόντες
372 3811 448 3886 αὖθις
462 3821 597 3878 σἰνθαλοῑεν
610 3819 650 3878 σ’ίν.

152 3907 235 3990 Ἔρως
248 3911 278 3970 δέ
292 3907 384 3988 μήτις
398 3905 524 3988 πρότερον
539 3905 658 3986 ἐμπίπτῃ
674 3907 779 3989 στρατῷ

154 4003 235 4057 ποθεῖν
249 3999 268 4056 δ
283 3997 320 4076 μὴ
334 3996 404 4078 χρὴ,
419 3993 537 4076 κέρδεσιν
552 3995 718 4073 νικωμένους.

154 4091 196 4146 Δεῖ
207 4085 260 4168 γδρ
274 4085 338 4168 πρὸς
352 4085 441 4151 σίκυος
454 4081 577 4161 νοστίμου
592 4083 722 4164 σωτηρίας

154 4173 251 4257 εόμψαι
268 4175 376 4235 διαύλου
391 4173 501 4252 θάτερον
515 4173 599 4232 κιῗιλον
613 4172 706 4232 πόλιν·

111 4277 142 4318 ιιι
153 4265 212 4330 θεοῖς
225 4265 246 4322 δ’
263 4262 305 4336 ἂν,
320 4259 498 4342 ἀμπλάκητος
512 4263 535 4319 εἰ
550 4259 626 4338 μόλοι
640 4260 763 4342 στρατὸς,

154 4351 287 4434 ἐγρηγορὸς
300 4351 331 4411 rb
344 4355 429 4428 πῆμα
443 4352 494 4406 τῶν
509 4347 645 4408 ὀλωλότων

152 4441 238 4516 γίνοιτ’
252 4445 295 4516 δν,
310 4446 333 4503 et
347 4441 489 4524 πρόσπαια
504 4438 542 4518 μὴ
556 4439 631 4521 τύχοι
645 4439 724 4502 κακαί.

153 4532 265 4591 'losum
278 4555 320 4594 τοι
333 4529 460 4610 γυναικὸς
475 4527 502 4598 ἐξ
515 4531 579 4608 §panii
594 4529 693 4598 κλύοις·

153 4617 181 4676 εδ
193 4619 213 4676 δ’
226 4610 254 4678 εὖ
269 4618 396 4701 κρατοίη,
413 4616 452 4695 μὴ
467 4615 628 4700 διχορρόπως
642 4619 717 4678 ἰδεῖν.

112 4722 143 4762 no
155 4707 257 4768 Πολλῶν
272 4707 323 4790 γὰρ
338 4709 442 4767 ἐσθλῶν
457 4703 504 4777 τὴν
518 4704 606 4778 ὄνησιν
621 4704 739 4784 εἱλόμην.

422 4823 532 4870 ΧΟΡΟΣ.

154 4909 242 4987 Γύναι,
256 4916 315 4976 κατ’
330 4915 419 4996 ἄνδρα
434 4911 545 4996 σώφρον’
561 4911 689 4995 εὐφρόνως
702 4912 795 4992 λέγεις.

155 5001 219 5082 Ἐγὼ
233 5003 254 5063 δ’
270 5003 389 5070 ἀκούσας
404 4999 488 5060 πισταί
502 5023 548 5060 σου
562 4999 693 5082 τεκμήρια

154 5089 219 5160 tader
231 5095 386 5174 προσειπεῖν
403 5079 432 5148 τό
447 5088 691 5172 παρασκευάζομαι.

155 5178 230 5262 Χσίφις
242 5179 294 5263 γδρ
308 5183 357 5240 obre
372 5177 469 5258 ἄτιμος
483 5176 618 5258 εἴργασται
631 5177 727 5241 πόνων.

1177 387 1449 455 ΑῦΑΜΕΜΝΟ.

918 525 1017 576 llittunt
1027 539 1086 578 vero
1097 527 1166 592 piena
1178 530 1204 580 vi
1215 532 1373 586 accendentes

917 613 1020 664 llammae
1033 629 1143 678 magnam
1156 617 1271 682 barbam,
1286 624 1315 672 ut
1325 623 1398 672 etium
1411 623 1517 675 Snronier'

918 704 972 754 treli
983 706 1140 768 conspicuum
1150 708 1218 759 littus
1232 713 1370 774 oppositum
1386 719 1510 777 superaret
1524 728 1595 778 porro

918 792 1026 855 flagrans.
1042 797 1106 846 Tum
1115 797 1219 860 eiluleit,
1231 799 1379 863 usquedum
1391 803 1528 863 perveniret

917 882 947 930 ad
962 885 1121 934 Aracbnoum
1136 891 1259 950 montem,
1270 889 1361 938 vicinas
1374 889 1427 940 urbi
1441 891 1568 954 speculas;

824 1009 836 1034 ,
916 973 989 1032 atque
1000 971 1086 1022 deiude
1098 973 1122 1022 in
1134 974 1196 1024 banc
1206 975 1342 1026 Atridarum
1354 977 1452 1028 domum
1465 979 1582 1030 incumbit

917 1058 975 1108 illud
990 1059 1071 1110 lumen
1085 1060 1116 1110 ab
1130 1063 1196 1112 avito
1210 1063 1251 1114 iilo
1265 1064 1329 1114 ldaeo
1339 1065 1392 1128 igne
1402 1073 1568 1130 propagatum.

917 1147 987 1197 Tales
1000 1149 1118 1212 expeditne
1130 1151 1189 1200 milri
1202 1151 1364 1203 taedilerorum
1376 1153 1441 1216 leges
1451 1160 1509 1206 sunt

916 1235 963 1285 alio
979 1236 1009 1286 ab
1023 1237 1070 1286 alio
1087 1238 1153 1290 vices
1166 1241 1300 1304 excipiente
1315 1241 1429 1306 impletae.

917 1325 997 1376 Vincit
1006 1338 1063 1376 vero
1073 1327 1166 1390 primus
1177 1333 1346 1393 etpostremus
1358 1345 1441 1380 cursor
1458 1339 1515 1388 (ιιιε,
1528 1340 1585 1388 peso
1603 1342 1708 1381 οντειωιι

916 1420 1010 1466 mepte·
1019 1419 1065 1466 κισ,
1075 1421 1132 1468 mou
1139 1415 1262 1480 moereri]
1276 1417 1333 1468 Tale
1345 1417 1441 1480 egotibi
1453 1417 1567 1470 indicium
1577 1421 1602 1472 et
1613 1421 1708 1484 signum

917 1497 1017 1562 uarro,]
1029 1513 1106 1562 quum
1118 1501 1207 1564 conjux
1218 1516 1233 1552 a
1244 1505 1314 1567 ijo
1326 1505 1384 1555 mibi
1395 1505 1420 1554 id
1432 1507 1590 1560 nunciaverit.

1247 1619 1378 1663 culouus.

917 1695 979 1742 Deos
991 1693 1089 1756 quidem
1101 1707 1145 1758 ego
1158 1697 1258 1760 posthac
1269 1697 1391 1761 adorabor

917 1781 990 1830 verba
1001 1787 1083 1832 autem
1096 1785 1142 1834 ista
1153 1785 1236 1836 audire
1246 1791 1272 1836 ei
1282 1787 1395 1838 admirari

915 1883 946 1920 er
957 1869 1042 1921 ordine
1051 1873 1163 1936 cupiam,
1176 1879 1205 1924 ut
1217 1875 1291 1924 velim
1303 1874 1370 1925 dicas
1382 1874 1473 1927 θευαο.

1181 1999 1438 2042 cullunllnlasm.

916 2083 1013 2145 Troiam
1025 2084 1107 2134 bellivi
1120 2085 1167 2135 hoe
1178 2087 1231 2150 ipso
1242 2086 1281 2137 die
1292 2089 1382 2138 tenent.

916 2173 977 2220 Puto
989 2149 1070 2222 ιυῑειῖι
1082 2174 1259 2224 dissociabilem
1271 2176 1401 2226 clamorem
1414 2189 1457 2240 per
1467 2175 1552 2227 urbem
1562 2175 1649 2228 audiri.

915 2259 1016 2310 Perinde
1027 2261 1085 2311 acsl
1096 2261 1152 2325 quis
1162 2265 1258 2314 aoemm
1270 2265 1295 2313 et
1304 2265 1384 2314 oleum
1396 2265 1420 2313 in
1431 2263 1494 2314 idern
1506 2277 1551 2314 τοι
1564 2265 1696 2327 tutuderit,

915 2347 1034 2398 discordia
1044 2349 1084 2400 illa
1095 2350 1157 2402 inter
1169 2351 1221 2416 ipsa
1233 2365 1277 2402 nec
1288 2349 1367 2402 amice
1377 2353 1506 2415 coniuncta
1517 2351 1627 2403 diceres:

915 2448 985 2498 mqrre
996 2437 1068 2487 etiam
1080 2439 1289 2489 succumbentium
1300 2443 1325 2490 el
1337 2438 1484 2490 vincentium
1496 2439 1660 2505 discrepantes

915 2537 988 2574 voces
998 2525 1102 2577 diversae
1114 2527 1217 2578 fortune
1228 2528 1312 2579 audire
1323 2527 1389 2578 licet.

916 2612 954 2663 llli
966 2613 1029 2663 enim
1039 2613 1102 2665 circa
1111 2629 1210 2680 corpora
1221 2617 1333 2680 prostrati

916 2701 1022 2752 virorum
1034 2709 1059 2754 et
1074 2705 1174 2754 fratrum
1186 2711 1210 2756 et
1222 2711 1363 2770 pareutum,

915 2803 999 2840 senum
1011 2793 1093 2856 pueri,
1107 2807 1155 2843 non
1166 2793 1271 2857 amplius
1283 2807 1314 2842 ex
1327 2793 1407 2844 liberis

915 2881 1049 2931 cervicibus
1060 2879 1239 2931 carissimomm
1253 2881 1330 2932 latum
1343 2881 1485 2945 deploraut3

915 2969 960 3019 bns
976 2983 1033 3020 vero
1044 2968 1230 3020 noetuabundus
1241 2983 1255 3019 e
1268 2969 1353 3033 proelio
1364 2969 1431 3020 labor

912 3057 1008 3120 jejunos
1016 3057 1047 3106 ad
1059 3057 1204 3108 matutinum
1214 3057 1294 3108 cibum
1304 3071 1334 3108 ex
1347 3057 1390 3118 lis,
1403 3071 1459 3121 qun
1470 3057 1530 3108 orbs
1541 3057 1627 3119 babet,

914 3146 1027 3206 collocat,
1039 3145 1071 3196 ad
1080 3145 1172 3196 nulium
1183 3147 1245 3196 inter
1256 3147 1322 3210 ipsus
1333 3145 1459 3208 ordinemp

915 3233 958 3284 sed
970 3235 1109 3298 utquisque
1121 3233 1224 3285 torlunre
1236 3239 1325 3285 sortem
1338 3235 1452 3298 traxerit,

914 3321 939 3370 iu
950 3321 1027 3386 capus
1038 3322 1195 3384 Troianorum
1207 3321 1302 3373 aedibus

912 3407 961 3470 jam
973 3407 1096 3469 habitant,
1108 3407 1260 3458 subdialibus
1272 3407 1364 3473 pruinis

914 3499 1057 3564 roribusque
1068 3499 1177 3561 liberati,
1191 3505 1304 3564 tanquam
1318 3500 1421 3550 fortunae
1431 3499 1519 3564 opibus
1530 3497 1641 3551 destituti

914 3601 956 3650 per
969 3591 1043 3638 totam
1055 3593 1149 3638 noctem
1162 3587 1300 3638 incustoditi
1312 3587 1440 3638 dormient.

913 3675 937 3725 si
951 3688 1009 3724 sero
1020 3675 1059 3738 pie
1070 3675 1129 3724 deos
1141 3675 1208 3724 urbis
1219 3675 1336 3725 tutelares
1346 3678 1486 3724 reverentur

913 3761 980 3822 illos,
993 3761 1034 3824 qui
1044 3767 1121 3824 captre
1132 3763 1202 3812 terrea
1214 3767 1284 3822 sunt,
1297 3760 1445 3823 deorumque
1454 3759 1568 3824 delubra,

913 3847 977 3899 baud
990 3861 1047 3898 sane
1056 3849 1161 3898 victores
1172 3851 1255 3911 postea
1266 3861 1351 3898 mrsus
1364 3846 1409 3910 ipsi
1422 3847 1558 3897 vincantur.

913 3935 1040 3999 cupiditas
1050 3947 1108 3985 vero
1120 3935 1184 3984 nulia
1194 3934 1261 3999 prius
1269 3933 1387 3985 exercitui
1398 3933 1502 3995 ineidat,

914 4027 941 4076 ut
951 4025 1016 4088 quod
1027 4025 1095 4076 netas
1106 4025 1139 4076 sit
1150 4023 1209 4074 lucri
1221 4023 1340 4074 desiderio
1350 4022 1443 4086 abrepti
1456 4023 1579 4088 appelant.

873 4145 876 4152 ,
912 4115 981 4176 Opus
993 4114 1031 4163 est
1041 4113 1118 4172 enim,
1131 4113 1158 4162 ut
1168 4111 1269 4161 domum
1281 4111 1343 4162 salvi
1356 4110 1475 4170 redeant,

912 4186 1014 4252 alterum
1026 4213 1121 4264 quoque
1131 4199 1203 4250 stadii
1213 4213 1269 4250 crus
1280 4203 1342 4250 retro
1352 4197 1455 4250 emetiri.

914 4288 965 4338 biis
977 4300 1049 4346 sane,
1061 4287 1081 4336 si
1093 4287 1212 4338 exercitus
1223 4287 1347 4350 quidpiam
1359 4283 1501 4349 deliquerit,

912 4373 1078 4437 expergefacta
1089 4373 1225 4424 occisorum
1235 4373 1361 4424 calamitas

913 4463 984 4512 lacile
993 4463 1050 4522 lut,
1063 4461 1108 4512 nisi
1121 4473 1182 4512 nora
1193 4461 1256 4512 mala
1268 4460 1405 4512 acciderint.

912 4549 979 4600 'lalia
989 4549 1062 4612 igitur
1073 4562 1103 4599 ex
1114 4561 1154 4598 me
1165 4547 1266 4599 muliere
1277 4549 1369 4599 audies.

913 4636 983 4695 Quod
996 4635 1102 4686 inustum
1112 4638 1163 4696 est,
1174 4636 1304 4698 praeruleat
1315 4633 1380 4684 lraud
1393 4632 1480 4693 dubie;

912 4737 969 4773 narn
978 4735 1053 4786 quum
1063 4721 1140 4771 multa
1151 4720 1215 4770 bona
1225 4720 1288 4785 sint,
1301 4723 1405 4771 trucium
1417 4717 1522 4782 praetuli.

1237 4845 1372 4887 cuouuS.

911 4925 1006 4987 Mober,
1018 4926 1045 4975 ut
1057 4925 1108 4973 viro
1119 4919 1220 4986 saplenti
1231 4920 1332 4984 dignum
1344 4924 1393 4980 eet,
1404 4917 1535 4982 pmdente·
1546 4915 1661 4984 loqueris.

911 5021 963 5078 Ego
973 5029 1031 5066 vero
1042 5013 1115 5064 certio
1127 5011 1175 5062 tuis
1186 5009 1281 5061 iudiciis
1292 5007 1381 5059 audibo

911 5103 943 5155 ad
954 5103 1013 5153 deos
1025 5101 1064 5166 pie
1075 5096 1223 5150 venerandos
1233 5109 1272 5147 me
1283 5109 1354 5161 paro3

911 5205 969 5242 uam
981 5205 1028 5242 uon
1040 5189 1088 5240 vlle
1099 5185 1202 5251 pretium
1214 5184 1303 5236 laboris
1314 5187 1411 5248 parium
1422 5187 1469 5234 est.
