3888 5920
211 423 240 466 tt
893 403 1105 467 PRAEFATIO.

210 553 241 600 ut
250 539 395 618 compleas
406 557 531 611 versum,
547 537 634 598 iacias
645 535 678 598 u
689 536 721 596 tu
732 535 844 620 δάκροιι
856 535 898 596 οὗ.
909 540 966 593 Ve-
1051 535 1119 608 676.
1133 541 1201 596 llaec
1220 539 1261 598 ita
1275 541 1444 624 plerumque
1464 547 1572 613 scripta
1590 552 1773 628 reperiuntur

208 649 272 688 rum
283 647 373 706 quum
392 627 440 687 alii
459 625 586 686 babeant
602 624 795 708 πολυδάνροιι,
809 626 865 684 hoc
879 643 967 684 voca-
1011 623 1041 682 iu
1052 621 1228 686 editionibus
1236 629 1384 708 AEscbyli:

177 701 190 740 ‘·
209 720 308 778 nulum
325 717 402 776 baud
417 735 500 777 secus
517 735 605 794 quam
621 714 694 775 illud
712 715 792 793 prius
802 713 967 796 πανδάκριιτι
1129 729 1197 814 napi
1209 741 1244 815 ορ
1257 741 1292 816 σᾳ
1305 733 1401 814 δίδυμοι

208 810 361 889 explicatio
374 807 539 869 scholiastae
549 825 611 866 esse
627 805 697 864 mihi
708 805 864 866 videbatur
873 805 967 865 aliud·
1130 818 1242 900 mm,
1258 821 1375 904 mm

209 917 266 976 que
278 897 319 957 ibi
337 897 426 955 latere
441 894 532 972 magis
548 891 727 952 reconditum
746 904 776 952 et
794 892 967 952 inusitatius.
1129 905 1203 989 mg„
1214 917 1250 992 γρ
1261 916 1297 992 ,p
1310 910 1382 971 up„

207 990 305 1060 Quum
323 985 412 1063 igitur
431 993 633 1060 suggereretur
641 977 785 1062 πάνδυρτε,
802 1001 861 1040 non
882 979 969 1040 dubi-

208 1075 267 1134 tavi
282 1072 354 1132 illud
370 1073 516 1132 asciscere.

246 1165 303 1240 984
314 1163 402 1240 vulgo
413 1158 534 1220 δύστονα.
545 1159 601 1220 Sed
614 1178 704 1236 quum
715 1160 864 1237 utriusque
875 1159 968 1218 luctus

209 1249 360 1322 indicetur,
372 1246 478 1308 δίστονιι
490 1246 675 1307 scribendum
686 1259 739 1306 est.

247 1357 306 1416 990
320 1350 425 1398 ceterae
434 1336 591 1396 editiones:
603 1332 636 1394 σδ
649 1333 736 1394 τοίνυν
750 1325 834 1394 οἶσθα.

247 1427 316 1504 996.
331 1426 501 1503 Plerumque
514 1424 575 1482 haec
586 1425 643 1484 ita:
719 1421 733 1476 .’

1011 1018 1132 1077 correxi
1146 1017 1241 1099 διάγοι’
1256 1019 1304 1100 ἄν,
1325 1025 1393 1103 quia
1409 1025 1479 1086 illud
1495 1029 1607 1110 διάγοιεν
1622 1033 1682 1092 siue
1692 1055 1775 1095 sensu

1012 1119 1065 1165 est.
1082 1111 1119 1168 lit
1137 1106 1223 1190 διάγοι
1236 1129 1253 1168 a
1265 1112 1373 1172 Didoto
1385 1115 1414 1173 in
1429 1116 1529 1177 codice
1543 1118 1710 1182 Florentino
1726 1144 1776 1184 re-

1013 1205 1127 1274 pertum
1143 1210 1197 1256 est.

1054 1282 1111 1360 598
1128 1279 1241 1369 ῑμιιορος
1261 1288 1438 1366 optimorum
1455 1293 1587 1354 codicum
1609 1299 1777 1360 auctoritate

1013 1370 1124 1443 nititur,
1137 1393 1310 1453 quamquam
1323 1377 1481 1439 Scholiasta
1494 1381 1611 1442 alteram
1623 1385 1776 1446 lectionem

1013 1453 1134 1539 ἔμπειρος
1148 1461 1286 1539 explicat,
1305 1484 1371 1543 quae
1383 1466 1484 1528 itidem
1500 1471 1530 1528 in
1542 1469 1714 1548 quibusdam
1724 1492 1777 1532 co-

1014 1546 1126 1607 dicibus
1147 1549 1240 1628 iisque
1263 1551 1458 1615 deterioribus
1481 1559 1637 1638 reperitur.
1672 1563 1778 1638 Aptior

1014 1647 1108 1696 tamen
1124 1656 1181 1696 vox
1195 1649 1238 1698 est
1251 1639 1336 1716 loco,
1353 1663 1412 1720 quo
1426 1643 1564 1724 pleraque
1579 1660 1646 1706 sunt
1658 1647 1695 1708 de
1706 1652 1775 1711 mari

1014 1737 1119 1796 sumta,
1132 1726 1281 1805 multoque
1298 1741 1341 1786 est
1354 1732 1452 1791 versui
1469 1733 1686 1793 convenientior
1699 1749 1727 1794 et
1741 1737 1779 1795 ud

406 1869 414 1892 ,
659 1870 667 1885 ‚
769 1870 775 1883 ,
900 1867 906 1880 ,
1014 1812 1215 1890 explicandum
1234 1815 1388 1876 difficilior.
1405 1823 1506 1898 Neque
1525 1821 1607 1882 facile
1625 1825 1778 1903 quisquam

206 1893 257 1929 νων
275 1869 482 1942 νεδδυστανων,
497 1871 577 1949 quod
597 1883 640 1930 est
657 1891 689 1930 tu
711 1870 811 1930 codice
828 1866 968 1928 mediceo.
1013 1899 1136 1974 dixerit,
1151 1903 1315 1980 quomodo,
1333 1906 1357 1964 ti
1370 1904 1540 1988 ‘W‘Wb
1553 1911 1777 1990 &mosed-

207 1959 329 2038 Reliqua
341 1958 513 2038 Plerumque
524 1959 564 2020 5¹³
575 1961 731 2038 leguntur*
1014 2001 1097 2068 ptum
1108 1990 1216 2064 fuisset,
1227 1990 1258 2049 in
1272 1989 1387 2073 ἔμπορος
1400 1993 1480 2056 abire
1495 1999 1630 2076 potuerit.

523 2065 646 2114 Imm
1056 2095 1113 2152 710
1123 2077 1213 2137 codex
1224 2080 1373 2140 Medicrus
1382 2085 1417 2151 ὡς
1426 2081 1475 2151 ἴοις
1485 2084 1509 2144 τ’
1518 2082 1664 2153 Querar.
1678 2093 1779 2168 ltaque

285 2131 329 2194 ’lb
345 2129 391 2206 tt,
407 2131 661 2272 lvssbffl
1014 2184 1104 2243 quum
1117 2165 1174 2224 boc
1184 2162 1233 2232 ἕως
1244 2164 1270 2225 τ’
1281 2165 1356 2226 bene
1368 2171 1557 2250 responderet
1566 2175 1676 2234 voculis
1685 2181 1729 2236 νῦν
1739 2199 1778 2252 τι,

287 1682 392 1762 δώμασι
402 1683 447 1744 trel
458 1683 549 1764 χθονί,
561 1683 612 1767 πρδ
625 1684 731 1746 πάντων
746 1684 770 1743 δ’
781 1681 848 1762 lpol.

247 1801 302 1858 99¹
322 1777 479 1858 δυσπότμων
493 1799 529 1840 ex
547 1781 630 1841 codd.
644 1793 787 1842 enotatur.
800 1779 858 1838 atii
874 1775 969 1838 διοιδ-

285 2291 330 2353 qp,
344 2291 408 2362 den}
425 2289 573 2359 Ἔτιγχγεκ
585 2294 656 2373 ἀρχη
1013 2272 1078 2330 «quat
1091 2265 1261 2331 sequuntur,
1275 2255 1436 2316 Mediceum
1446 2260 1622 2336 sequendum
1636 2261 1715 2320 dmi,

519 2382 651 2432 Imm·
1054 2340 1112 2400 815
1126 2341 1240 2401 codices
1253 2341 1361 2402 bahem
1370 2343 1568 2424 messuisset,
1591 2348 1628 2408 de
1641 2369 1699 2428 quo
1712 2351 1779 2410 vido

286 2448 330 2512 »γὼ
340 2451 448 2512 πάντων
461 2449 685 2512 mmgm,
1012 2429 1095 2490 Jabn.
1107 2429 1253 2509 supplem.
1265 2431 1369 2492 Annal.
1385 2434 1458 2494 Phil.
1475 2436 1562 2507 1836,
1574 2438 1640 2497 iaso.
1652 2441 1678 2499 3.

502 2541 668 2590 mmm,
1056 2537 1141 2581 tooo.
1159 2518 1234 2578 Vide
1249 2523 1445 2582 Hermnnnum
1468 2529 1776 2608 Opusc.vol.1V,p.

286 2607 331 2671 ’lb
344 2610 518 2688 δαιμονῶντις
528 2612 556 2670 δν
571 2609 630 2691 ἄορ.
1014 2604 1080 2664 336.

519 2699 652 2750 ΙΣΜΗΝΗ.
1339 2709 1470 2728 --··-

285 2765 776 2854 Ἰὼῑὼιιιῦινιθισιιενιιονόιι
1279 2775 1512 2840 totumue.

249 2883 321 2952 1047
337 2877 424 2954 ”¹¹8⁰
436 2876 498 2950 ἤδη·
1036 2893 1219 2969 numquam
1230 2877 1619 2973 mihipersuaderepotuimt
1628 2895 1777 2958 custodem

250 2986 323 3039 ι070
336 2986 394 3026 000
410 2964 603 3027 dubitandum
615 2967 688 3046 quin
698 2963 840 3044 Καδμείων
856 2964 900 3023 Vel
912 2982 968 3042 Po·
1012 2976 1073 3036 sine
1082 2977 1351 3059 ullarationeloqui
1362 2993 1505 3058 putarem,
1517 2983 1676 3060 praesertim
1687 3005 1777 3064 quum

206 3057 262 3116 tius
273 3054 436 3134 Καδμογενιῖ
456 3055 486 3114 in
506 3055 642 3116 omnibus
656 3053 805 3115 codicibus
818 3051 966 3113 exciderit.
1010 3065 1168 3140 accederet,
1180 3067 1258 3146 quod
1274 3067 1345 3127 quud
1360 3065 1401 3126 pq,
1410 3065 1467 3144 γορ,
1480 3068 1558 3146 quod
1569 3089 1606 3127 ex
1619 3090 1646 3130 v,
1662 3072 1698 3130 ,5
1711 3085 1778 3133 am,

532 3193 641 3212 ...μ
1011 3171 1039 3211 r.
1061 3173 1097 3212 aa
1120 3155 1327 3234 transpositum
1348 3166 1392 3214 est
1412 3155 1451 3215 ab
1474 3159 1655 3232 Hermanno,
1677 3179 1715 3219 ne
1737 3161 1780 3220 sic

515 3282 650 3344 PERSAE
1010 3242 1128 3319 quidem
1140 3242 1324 3302 commodum
1332 3243 1429 3302 locum
1438 3243 1590 3306 obtineret.
1603 3251 1698 3324 Atque
1706 3247 1777 3306 illud

652 3326 659 3340 '
1011 3331 1128 3409 (pridem
1144 3345 1188 3392 est
1203 3352 1321 3413 prorsus
1335 3345 1436 3393 contra
1450 3334 1689 3394 consuetudinem
1703 3339 1779 3397 Grat-

241 3422 390 3496 Perpeuca
399 3426 468 3474 sunt
480 3435 543 3493 que
553 3415 663 3474 mutavi
674 3413 704 3473 in
714 3415 818 3488 Persis,
829 3432 888 3473 non
907 3434 966 3494 quo
1010 3439 1127 3492 corum,
1146 3433 1178 3478 ut
1193 3420 1302 3499 aliquid
1321 3421 1362 3480 ita
1380 3421 1478 3479 subito
1491 3421 1677 3480 introducant
1691 3435 1724 3481 ut
1735 3439 1775 3484 est

204 3505 373 3586 tragoediam
390 3503 576 3582 integriorem
592 3515 735 3564 servatam
754 3515 901 3582 putarem,
915 3505 965 3563 sed
1010 3508 1146 3586 splendor
1162 3507 1283 3566 flamme
1302 3529 1319 3568 e
1338 3509 1497 3587 longinquo
1510 3511 1588 3569 visae.
1608 3515 1709 3588 ltaque
1724 3513 1772 3572 ‹lu-

202 3597 272 3676 quia
286 3596 423 3674 pleraque
433 3593 590 3654 incertiora
604 3605 686 3652 erunt
696 3613 784 3673 quam
800 3605 831 3652 ut
844 3594 966 3672 receptis
1009 3594 1159 3655 bitandutn
1171 3616 1302 3656 essenon
1317 3598 1418 3676 putavi
1433 3599 1503 3676 quin
1516 3597 1632 3657 flemma
1644 3598 1680 3656 ab
1694 3600 1776 3659 initio

201 3683 351 3763 scripturis
366 3681 539 3743 substituere
557 3681 680 3740 mallem.
695 3683 728 3741 ln
741 3701 801 3761 quo
811 3701 869 3740 non
882 3681 965 3740 silcu·
1009 3684 1104 3742 statim
1114 3697 1268 3763 conspecta
1276 3685 1379 3745 sitnon
1390 3705 1492 3764 magna
1502 3685 1632 3760 fortasse,
1641 3699 1671 3745 at
1682 3699 1776 3746 tamen

202 3773 272 3833 dum
290 3785 335 3831 est
344 3771 402 3831 duo
413 3789 505 3830 novos
521 3769 635 3829 codices
644 3789 707 3830 esse
718 3771 837 3830 collatos
849 3789 873 3826 a.
890 3770 963 3843 1817
1009 3773 1073 3832 talis
1098 3772 1191 3852 qualis
1211 3771 1320 3832 indicio
1339 3786 1426 3852 captae
1444 3771 1526 3830 urbis
1550 3793 1613 3832 esse
1637 3777 1775 3853 potuerit.

202 3868 304 3923 Romae
315 3873 343 3922 et
350 3858 504 3922 Florentiae
520 3877 538 3918 a
551 3857 738 3920 collectionis
752 3857 838 3936 hujus
848 3871 965 3919 auctore
1008 3867 1106 3934 Quare
1115 3862 1198 3921 facile
1210 3861 1391 3940 intelligitur,
1407 3859 1553 3938 quomodo
1566 3859 1672 3919 sactum
1683 3863 1729 3936 sit,
1744 3877 1775 3922 ut

201 3951 329 4010 Firmino
348 3948 436 4008 Didot
454 3966 490 4006 ex
511 3947 623 4006 Gra-cia
646 3945 817 4019 revertenti,
840 3965 963 4023 quorum
1008 3951 1147 4009 orationis
1167 3963 1250 4010 tenor
1265 3962 1294 4009 et
1310 3950 1389 4008 calor
1405 3950 1434 4008 in
1454 3949 1538 4007 initio
1559 3960 1588 4007 et
1601 3950 1681 4008 exitu
1697 3949 1774 4010 idern

201 4050 354 4098 neuterest
362 4035 514 4114 ejusmodi,
522 4035 637 4094 utinter
644 4033 964 4112 praestantioresrelerri
1007 4039 1045 4097 sit
1069 4059 1163 4117 neque
1190 4039 1310 4098 nuncius
1328 4039 1433 4118 gaudio
1455 4036 1626 4116 abripiatur.
1656 4039 1773 4097 Retinui

201 4141 314 4207 posset3
328 4141 422 4186 tamen
436 4139 558 4203 uterque
568 4145 625 4184 nou
636 4138 679 4184 est
687 4123 808 4184 inutilis.
823 4130 919 4204 Atque
933 4127 962 4186 id
1007 4126 1095 4206 igitur
1105 4123 1194 4185 utut
1206 4125 1342 4204 illelom,
1353 4144 1413 4203 quo
1425 4125 1455 4184 in
1464 4123 1613 4184 codicibus
1621 4127 1773 4204 reperitur.

201 4216 318 4295 quidem
339 4215 407 4275 satis
428 4226 594 4292 opportune
605 4213 676 4272 mihi
689 4212 793 4272 accidit
802 4214 881 4292 quod
893 4215 964 4274 alter
1047 4219 1166 4273 Versum
1186 4235 1220 4273 ro
1235 4212 1349 4273 reddidi
1364 4212 1467 4286 latine,
1492 4223 1523 4270 ut
1548 4212 1654 4284 solent3
1676 4213 1772 4271 nescio

201 4325 261 4365 uno
273 4305 373 4364 saltem
381 4303 455 4376 loco,
464 4321 492 4360 ν.
505 4302 572 4378 576,
581 4301 775 4381 conjecturam
791 4323 881 4362 meam
892 4324 963 4364 con·
1007 4313 1102 4362 tumen
1119 4321 1154 4360 an
1172 4301 1278 4361 rectius
1292 4302 1332 4360 ita
1345 4313 1439 4360 vertas
1458 4322 1465 4355 :
1485 4299 1546 4356 «sic
1558 4298 1633 4359 enim
1652 4299 1771 4358 fidenter

201 4393 334 4452 firmavit.
1006 4389 1118 4449 animus
1131 4389 1259 4449 mulieris
1268 4399 1395 4468 sperat.»

244 4484 297 4556 167
312 4479 403 4542 δοονο
422 4478 595 4558 quibusdam
615 4479 783 4552 causaliter,
801 4493 835 4539 ut
847 4479 962 4556 dicunt,
1049 4497 1099 4536 ror
1120 4475 1234 4537 miurue'
1250 4477 1414 4555 conjectura
1435 4488 1530 4534 ortum
1546 4485 1597 4532 est.
1614 4471 1693 4532 Libri
1708 4473 1773 4554 pui-

200 4570 357 4650 nccipitur,
375 4567 405 4628 id
425 4566 505 4646 quod
523 4565 618 4625 minus
632 4567 781 4627 sententiae
795 4567 961 4647 adaptatum
1005 4567 1085 4626 rouc’.
1264 4642 1266 4648 Ι

200 4669 251 4715 e⁵1·
1050 4674 1103 4714 toa
1127 4667 1154 4713 et
1188 4657 1241 4712 103
1269 4648 1474 4722 &clermareis
1500 4648 1660 4730 θορόρδορον
1688 4647 1771 4722 λάπης

242 4745 299 4804 386
311 4747 366 4826 ἠχῇ
378 4759 423 4805 est
434 4743 464 4804 in
475 4745 594 4825 optimis
606 4743 756 4804 codicibus
768 4759 797 4804 et
814 4747 961 4825 plurimis;
1005 4741 1086 4825 qpim
1107 4741 1218 4801 codices
1235 4741 1376 4820 praebent,
1393 4739 1422 4798 id
1447 4736 1525 4816 quod
1542 4735 1590 4796 alii
1607 4736 1691 4796 aliter
1702 4756 1771 4796 cor--

202 4835 286 4912 prruci
299 4835 377 4912 iique
386 4834 544 4892 deteriores
554 4832 662 4894 habent
674 4835 744 4914 ἢχιὶ
752 4833 887 4894 Editores
899 4837 962 4914 ἢχοῖ
1006 4845 1150 4892 rexerunt.
1575 4914 1581 4926 .
1705 4914 1711 4926 Ι

202 4922 404 5000 praetulerunt3
420 4941 473 4999 ego
487 4921 601 4982 codices
612 4942 643 4984 se
664 4921 774 4980 ueudos
791 4922 870 4982 duxi.
1049 4939 1102 4978 rao
1120 4918 1223 4986 διοοοδς
1241 4917 1482 4978 «dissentientes»
1505 4915 1658 4992 explicant.
1670 4917 1768 4974 Minus

242 5011 295 5083 571
315 5008 437 5090 ἱρριιντοι
448 5023 567 5068 auctore
582 5013 641 5069 Her
688 5029 748 5069 nno
761 5010 818 5068 buc
833 5023 960 5088 trauspu
1005 5021 1091 5067 recte.
1105 5008 1223 5068 Calchas
1240 5026 1328 5085 ιγιιιιιο
1349 5005 1466 5065 vidisset
1478 5004 1550 5062 duas
1563 5001 1672 5079 aquilas
1681 4999 1769 5103 lepti·-

200 5099 285 5156 situm
295 5109 346 5170 est,
358 5116 446 5175 quum
458 5099 488 5155 in
500 5095 649 5156 codicibus
659 5110 725 5176 post
734 5115 761 5155 v.
772 5099 828 5156 580
836 5099 959 5176 reperio·
1004 5116 1063 5155 rem
1083 5097 1268 5168 devorantes,
1293 5095 1366 5154 duos
1384 5091 1498 5154 Atridas
1519 5093 1550 5152 in
1571 5091 1620 5148 illo
1646 5107 1767 5168 augurio

201 5197 264 5244 tur:
277 5183 362 5252 ιοιιίις
375 5183 484 5252 entatu
495 5183 620 5267 ippurrut
631 5185 744 5264 δαιμόνι’
756 5183 819 5263 ἄγη.
1003 5188 1118 5264 agnovit
1143 5184 1259 5261 Trojam
1283 5183 1487 5244 devastaturus.
1517 5180 1594 5242 Perit
1612 5193 1762 5259 computu·
